<record><leader>01713cam a2200385Ii 45 0</leader><controlfield tag="001">6774817</controlfield><controlfield tag="003">OCoLC</controlfield><controlfield tag="005">20150514155410.0</controlfield><controlfield tag="008">141106t20152015nju      b    001 0 eng d</controlfield><datafield ind1=" " ind2=" " tag="020"><subfield code="a">069116052X</subfield></datafield><datafield ind1=" " ind2=" " tag="020"><subfield code="a">9780691160528</subfield></datafield><datafield ind1=" " ind2=" " tag="035"><subfield code="a">ocn894625312</subfield></datafield><datafield ind1=" " ind2=" " tag="040"><subfield code="a">YDXCP</subfield><subfield code="b">eng</subfield><subfield code="e">rda</subfield><subfield code="c">YDXCP</subfield><subfield code="d">BTCTA</subfield><subfield code="d">BDX</subfield><subfield code="d">ZWU</subfield><subfield code="d">OCP</subfield><subfield code="d">WKM</subfield><subfield code="d">AFMK</subfield></datafield><datafield ind1="1" ind2=" " tag="041"><subfield code="a">eng</subfield><subfield code="h">fre</subfield></datafield><datafield ind1="1" ind2="4" tag="050"><subfield code="a">HC59.3</subfield><subfield code="b">.B7213 2015</subfield></datafield><datafield ind1=" " ind2="4" tag="082"><subfield code="a">330.9051 B773 2015</subfield></datafield><datafield ind1=" " ind2=" " tag="090"><subfield code="a">HC 59.3 B766 2015</subfield><subfield code="b">AFMK</subfield></datafield><datafield ind1="1" ind2=" " tag="100"><subfield code="a">Bourguignon, Fran&#231;ois,</subfield><subfield code="e">author.</subfield></datafield><datafield ind1="1" ind2="0" tag="240"><subfield code="a">Mondialisation de l'in&#233;galit&#233;.</subfield><subfield code="l">English</subfield></datafield><datafield ind1="1" ind2="4" tag="245"><subfield code="a">The globalization of inequality /</subfield><subfield code="c">Fran&#231;ois Bourguignon ; translated by Thomas Scott-Railton.</subfield></datafield><datafield ind1=" " ind2="1" tag="264"><subfield code="a">Princeton :</subfield><subfield code="b">Princeton University Press,</subfield><subfield code="c">[2015]</subfield></datafield><datafield ind1=" " ind2="4" tag="264"><subfield code="c">&#169;2015</subfield></datafield><datafield ind1=" " ind2=" " tag="300"><subfield code="a">210 pages ;</subfield><subfield code="c">23 cm</subfield></datafield><datafield ind1=" " ind2=" " tag="336"><subfield code="a">text</subfield><subfield code="b">txt</subfield><subfield code="2">rdacontent</subfield></datafield><datafield ind1=" " ind2=" " tag="337"><subfield code="a">unmediated</subfield><subfield code="b">n</subfield><subfield code="2">rdamedia</subfield></datafield><datafield ind1=" " ind2=" " tag="338"><subfield code="a">volume</subfield><subfield code="b">nc</subfield><subfield code="2">rdacarrier</subfield></datafield><datafield ind1=" " ind2=" " tag="504"><subfield code="a">Includes bibliographical references and index.</subfield></datafield><datafield ind1="0" ind2=" " tag="505"><subfield code="a">Globalization and inequality -- Detailed evidence on the recent changes in global inequality -- Are countries becoming more unequal? -- Globalization and the forces behind the rise in inequality -- Toward a fair globalization : prospects and principles -- Which policies for a fairer globalization? -- Globalizing equality?</subfield></datafield><datafield ind1=" " ind2=" " tag="546"><subfield code="a">Translated from the French.</subfield></datafield><datafield ind1=" " ind2=" " tag="596"><subfield code="a">8</subfield></datafield><datafield ind1=" " ind2="0" tag="650"><subfield code="a">Economic history</subfield><subfield code="y">21st century.</subfield></datafield><datafield ind1=" " ind2="0" tag="650"><subfield code="a">Globalization</subfield><subfield code="x">Economic aspects.</subfield></datafield><datafield ind1=" " ind2="0" tag="650"><subfield code="a">Equality</subfield><subfield code="x">Economic aspects.</subfield></datafield><datafield ind1="1" ind2=" " tag="700"><subfield code="a">Scott-Railton, Thomas,</subfield><subfield code="e">translator.</subfield></datafield><datafield ind1=" " ind2=" " tag="926"><subfield code="a">HC 59.3 B766 2015</subfield><subfield code="w">LC</subfield><subfield code="c">1</subfield><subfield code="i">34917001375125</subfield><subfield code="d">10/26/2015</subfield><subfield code="e">10/9/2015</subfield><subfield code="l">ON_SHELF</subfield><subfield code="m">KEYANO</subfield><subfield code="n">3</subfield><subfield code="p">$25.99</subfield><subfield code="r">Y</subfield><subfield code="s">Y</subfield><subfield code="t">BOOK</subfield><subfield code="u">1/13/2015</subfield><subfield code="o">.STAFF. Rec'd May/15 MW</subfield></datafield></record>